%% This BibTeX bibliography file was created using BibDesk.
%% http://bibdesk.sourceforge.net/


%% Created for Brent Seidel at 2010-12-03 15:37:53 -0700 


%% Saved with string encoding Unicode (UTF-8) 



@article{req9,
	Author = {Egyed, Alexander and Gr{\"u}nbacher, Paul},
	Date-Added = {2010-12-02 06:52:51 -0700},
	Date-Modified = {2010-12-02 06:54:37 -0700},
	Journal = {International Journal of Software Engineering},
	Keywords = {Tools},
	Month = {October},
	Number = {5},
	Title = {Supporting Software Understanding with Automated Requirements Traceability},
	Volume = {15},
	Year = {2005}}

@manual{req8,
	Author = {IBM},
	Date-Added = {2010-10-20 20:06:02 -0700},
	Date-Modified = {2010-10-20 20:08:06 -0700},
	Edition = {Version 9.1},
	Keywords = {Tools},
	Organization = {IBM},
	Title = {Telelogic DOORS Getting Started with Telelogic DOORS},
	Year = {2008}}

@proceedings{req7,
	Author = {Patricio Letelier},
	Booktitle = {In Proc. of 1st Intl. Workshop on Traceability in Emerging Forms of Softw. Eng.},
	Date-Added = {2010-10-08 15:07:09 -0700},
	Date-Modified = {2010-10-12 16:40:27 -0700},
	Institution = {Technical University of Valencia Department of Information Systems and Computing},
	Lastchecked = {8-Oct-2010},
	Month = {September},
	Organization = {IEEE International Conference on Automated Software Engineering (ASE)},
	Pages = {32-41},
	Title = {A Framework for Requirements Traceability in UML-based Projects},
	Url = {http://citeseerx.ist.psu.edu/viewdoc/download?doi=10.1.1.135.5796&rep=rep1&type=pdf},
	Year = {2002},
	Bdsk-Url-1 = {http://citeseerx.ist.psu.edu/viewdoc/download?doi=10.1.1.135.5796&rep=rep1&type=pdf}}

@proceedings{req6,
	Author = {Jane Cleland-Huang and Raffaella Settimi and Chuan Duan and Xuchang Zou},
	Date-Added = {2010-10-08 14:10:47 -0700},
	Date-Modified = {2010-10-20 20:10:21 -0700},
	Institution = {DePaul University, Center for Requirements Engineering},
	Keywords = {Tools},
	Number = {13th},
	Organization = {IEEE International Conference on Requirements Engineering},
	Publisher = {IEEE Computer Society},
	Title = {Utilizing Supporting Evidence to Improve Dynamic Requirements Traceability},
	Url = {http://students.depaul.edu/~xzou/paper/RE05.pdf},
	Year = {2005},
	Bdsk-Url-1 = {http://students.depaul.edu/~xzou/paper/RE05.pdf}}

@proceedings{req5,
	Author = {Klaus Pohl},
	Date-Added = {2010-10-08 10:44:59 -0700},
	Date-Modified = {2010-10-20 20:09:32 -0700},
	Keywords = {Tools},
	Lastchecked = {8-Oct-2010},
	Month = {April},
	Organization = {IEEE International Conference on Requirements Engineering},
	Title = {PRO-ART: Enabling Requirements Pre-Traceability},
	Year = {1996},
	Bdsk-Url-1 = {http://citeseerx.ist.psu.edu/viewdoc/download?doi=10.1.1.51.5671&rep=rep1&type=pdf}}

@inproceedings{req4,
	Author = {Egyed, A. and Gr{\"u}nbacher, P.},
	Booktitle = {Automated Software Engineering, 2002. Proceedings. ASE 2002. 17th IEEE International Conference on},
	Doi = {10.1109/ASE.2002.1115010},
	Issn = {1527-1366},
	Keywords = {artifacts; complexity; real-world problems; requirements traceability automation; software development life-cycle; stakeholder requirements; trace acquisition; video-on-demand system; formal verification; software metrics; systems analysis;},
	Month = {April},
	Pages = {163 - 171},
	Title = {Automating requirements traceability: Beyond the record replay paradigm},
	Year = {2002},
	Bdsk-Url-1 = {http://dx.doi.org/10.1109/ASE.2002.1115010}}

@proceedings{old4,
	Author = {Alexander Egyed and Paul Gr{\"u}nbacher},
	Date-Added = {2010-10-05 16:06:47 -0700},
	Date-Modified = {2010-11-15 14:38:55 -0700},
	Keywords = {Tools},
	Lastchecked = {5-Oct-2010},
	Month = {September},
	Number = {17th},
	Organization = {IEEE International Conference on Automated Software Engineering (ASE)},
	Title = {Automating Requirements Traceability: Beyond the Record and Replay Paradigm},
	Year = {2002},
	Bdsk-Url-1 = {http://citeseerx.ist.psu.edu/viewdoc/download?doi=10.1.1.13.6352&rep=rep1&type=pdf}}

@article{req3,
	Author = {Balasubramaniam Ramesh},
	Date-Added = {2010-10-05 15:46:28 -0700},
	Date-Modified = {2010-12-02 06:54:57 -0700},
	Journal = {Communications of the ACM},
	Lastchecked = {5-Oct-2010},
	Pages = {37-44},
	Title = {Factors Influencing Requirements Traceability Practice},
	Volume = {41},
	Year = {1998},
	Bdsk-Url-1 = {http://citeseerx.ist.psu.edu/viewdoc/download?doi=10.1.1.24.6749&rep=rep1&type=pdf}}

@article{req2,
	Author = {Bala Ramesh and Matthias Jarke},
	Date-Added = {2010-09-29 08:50:31 -0700},
	Date-Modified = {2010-12-02 06:54:48 -0700},
	Journal = {IEEE Transactions on Software Engineering},
	Lastchecked = {29-Sep-2010},
	Title = {Towards Reference Models for Requirements Traceability},
	Year = {2001},
	Bdsk-Url-1 = {http://citeseerx.ist.psu.edu/viewdoc/download?doi=10.1.1.40.6602&rep=rep1&type=pdf}}

@conference{req1,
	Author = {Orlena C. Z. Gotel and Anthony C. W. Finkelstein},
	Booktitle = {Proceedings of the First International Conference on Requirements Engineering},
	Date-Added = {2010-09-29 08:43:20 -0700},
	Date-Modified = {2010-10-08 14:08:06 -0700},
	Institution = {Imperial College of Science, Technology and Medicine},
	Lastchecked = {29-Sep-2010},
	Organization = {IEEE Computer Society},
	Title = {An Analysis of the Requirements Traceability Problem},
	Year = {1994},
	Bdsk-Url-1 = {http://citeseerx.ist.psu.edu/viewdoc/download?doi=10.1.1.137.5052&rep=rep1&type=pdf}}

@inproceedings{req10,
	Author = {Assawamekin, N. and Sunetnanta, T. and Pluempitiwiriyawej, C.},
	Booktitle = {Computer and Information Science, 2009. ICIS 2009. Eighth IEEE/ACIS International Conference on},
	Date-Modified = {2010-12-03 14:46:49 -0700},
	Doi = {10.1109/ICIS.2009.55},
	Keywords = {MUPRET tool;multiperspective requirements artifact;ontologies;stakeholder;taxonomy;traceability link generation;traceability tool;formal specification;ontologies (artificial intelligence);software tools;systems analysis;},
	Month = {June},
	Pages = {943 -948},
	Title = {MUPRET: An Ontology-Driven Traceability Tool for Multiperspective Requirements Artifacts},
	Year = {2009},
	Bdsk-Url-1 = {http://dx.doi.org/10.1109/ICIS.2009.55}}

@inproceedings{req11,
	Author = {Hong, Youngki and Kim, Minho and Lee, Sang-Woong},
	Booktitle = {Software Engineering Research, Management and Applications (SERA), 2010 Eighth ACIS International Conference on},
	Doi = {10.1109/SERA.2010.39},
	Month = {May},
	Pages = {248 -255},
	Title = {Requirements Management Tool with Evolving Traceability for Heterogeneous Artifacts in the Entire Life Cycle},
	Year = {2010},
	Bdsk-Url-1 = {http://dx.doi.org/10.1109/SERA.2010.39}}
